<?xml version="1.0" encoding="UTF-8"?><collection xmlns="http://www.loc.gov/MARC21/slim"><record><leader>00481nam--2200169-u-4500</leader><controlfield tag="001">000052534</controlfield><controlfield tag="002">20161230</controlfield><controlfield tag="005">20161230201050</controlfield><controlfield tag="008">100903s1000------------r-----000-0-eng-d</controlfield><datafield ind1=" " ind2=" " tag="040"><subfield code="a">IFIN-HH</subfield></datafield><datafield ind1=" " ind2=" " tag="080"><subfield code="a">539.893(043)</subfield></datafield><datafield ind1="1" ind2=" " tag="100"><subfield code="a">Tongfan, Sun</subfield></datafield><datafield ind1="1" ind2="0" tag="245"><subfield code="a">Acoustic and Thermodynamic Proprietis of Simple Organic Liquids ar Pressures up to 3 Kbar</subfield><subfield code="c">Sun Tongfan</subfield></datafield><datafield ind1=" " ind2=" " tag="260"><subfield code="a">Amsterdam</subfield><subfield code="b">University</subfield><subfield code="c">1989</subfield></datafield><datafield ind1=" " ind2=" " tag="300"><subfield code="a">120 p</subfield></datafield><datafield ind1=" " ind2=" " tag="852"><subfield code="a">79821</subfield><subfield code="c">532</subfield></datafield><datafield ind1=" " ind2=" " tag="CAT"><subfield code="a">Sys</subfield><subfield code="c">20100903</subfield><subfield code="h">085431</subfield></datafield></record></collection>